<?xml version="1.0" encoding="UTF-8"?><collection xmlns="http://www.loc.gov/MARC21/slim"><record><leader>00499nam--2200133-i-4500</leader><controlfield tag="001">000009076</controlfield><controlfield tag="002">20161230</controlfield><controlfield tag="005">20161230201028</controlfield><controlfield tag="008">060222s1000------------r-----000-0-eng-d</controlfield><datafield ind1=" " ind2=" " tag="100"><subfield code="a">Dertinger, H.Und Jung, H</subfield></datafield><datafield ind1=" " ind2=" " tag="245"><subfield code="a">Molekulare strahlenbiologie. vorlesungen uber die wirkung ionisierender strahlen auf elementare biologische objekte. mit einem geleitwort von k.g.zimmer. mit 116 abbildungen</subfield></datafield><datafield ind1=" " ind2=" " tag="260"><subfield code="a">Berlin, Springer-verlag, 1969</subfield></datafield><datafield ind1=" " ind2=" " tag="490"><subfield code="a">Heidelberger Taschenbucher</subfield></datafield><datafield ind1=" " ind2=" " tag="852"><subfield code="a">574:621.039.8</subfield></datafield></record></collection>